<?xml version="1.0" encoding="UTF-8"?><collection xmlns="http://www.loc.gov/MARC21/slim"><record><leader>00384nam--2200121-i-4500</leader><controlfield tag="001">000040938</controlfield><controlfield tag="002">20161230</controlfield><controlfield tag="005">20161230201042</controlfield><controlfield tag="008">060222s1000------------r-----000-0-eng-d</controlfield><datafield ind1=" " ind2=" " tag="080"><subfield code="a">001.89</subfield></datafield><datafield ind1=" " ind2=" " tag="245"><subfield code="a">Scientific and technical communication. a pressing national problem and recommendations for its solution</subfield></datafield><datafield ind1=" " ind2=" " tag="260"><subfield code="a">Washington, Nat.Acad.Of Sciences, 1969. Xiii + 322 P</subfield></datafield><datafield ind1=" " ind2=" " tag="852"><subfield code="a">36017</subfield></datafield></record></collection>